<collection xmlns="http://www.loc.gov/MARC21/slim">
<record>
  <leader>01588nam0a2200253 i 450 </leader>
  <controlfield tag="001">IT\ICCU\CNCE\025641</controlfield>
  <controlfield tag="005">20091007000000.0</controlfield>
  <datafield tag="012" ind1=" " ind2=" ">
    <subfield code="a">ueri refi e-l- ridi (3) 1519 (A)</subfield>
    <subfield code="2">fei</subfield>
  </datafield>
  <datafield tag="100" ind1=" " ind2=" ">
    <subfield code="a">19970929d1519        0itac0103    ba</subfield>
  </datafield>
  <datafield tag="101" ind1=" " ind2=" ">
    <subfield code="a">LAT</subfield>
  </datafield>
  <datafield tag="102" ind1=" " ind2=" ">
    <subfield code="a">IT</subfield>
  </datafield>
  <datafield tag="200" ind1="1" ind2=" ">
    <subfield code="a">Solemnis repetitio famosissime l centurio ff. de vulg. et pupil. nouissime in valentinensi Delphinatus gymnasio edita per excellentissimum vtriusque censure interpretem spendidissimum dominum Lancellotum Galiaulam ex capitaneis de Brunello cum repertorioet apostillis acutissimi i.v. professoris domini Ferdinandi de Loazes Hispani contestanie ciuis que vulgo Murtia nuncupatur, nuperrime additis et locis suis oportune infertis, necnon cum multis alijs eiusdem domini Lancelloti. Lecture additionibus ex fidissimo originali notatis, que in alia impressione minime reperiuntur</subfield>
  </datafield>
  <datafield tag="210" ind1=" " ind2=" ">
    <subfield code="e">Impressa Papie</subfield>
    <subfield code="g">per magistrum Bernardinum de Garaldis</subfield>
    <subfield code="h">1519 die 9. mensis Aprilis</subfield>
  </datafield>
  <datafield tag="215" ind1=" " ind2=" ">
    <subfield code="a">XXXII c.</subfield>
    <subfield code="d">fol</subfield>
  </datafield>
  <datafield tag="620" ind1=" " ind2=" ">
    <subfield code="a">IT</subfield>
    <subfield code="d">Pavia</subfield>
  </datafield>
  <datafield tag="700" ind1=" " ind2="1">
    <subfield code="a">Galiaula,</subfield>
    <subfield code="b">Lancelotus</subfield>
    <subfield code="3">IT\ICCU\CNCA\016925</subfield>
  </datafield>
  <datafield tag="702" ind1=" " ind2="1">
    <subfield code="a">Loaces,</subfield>
    <subfield code="b">Fernando : de</subfield>
    <subfield code="3">IT\ICCU\CNCA\011959</subfield>
  </datafield>
  <datafield tag="712" ind1="0" ind2="0">
    <subfield code="a">Garaldi, Bernardino</subfield>
    <subfield code="3">IT\ICCU\CNCT\000275</subfield>
    <subfield code="4">650</subfield>
  </datafield>
  <datafield tag="790" ind1=" " ind2="1">
    <subfield code="a">Loazes,</subfield>
    <subfield code="b">Fernando : de</subfield>
    <subfield code="3">IT\ICCU\CNCA\017767</subfield>
    <subfield code="z">Loaces, Fernando : de</subfield>
  </datafield>
  <datafield tag="790" ind1=" " ind2="1">
    <subfield code="a">Loazes,</subfield>
    <subfield code="b">Ferdinandus : de</subfield>
    <subfield code="3">IT\ICCU\CNCA\020495</subfield>
    <subfield code="z">Loaces, Fernando : de</subfield>
  </datafield>
  <datafield tag="791" ind1="0" ind2="0">
    <subfield code="a">Garaldis, Bernardinus de</subfield>
    <subfield code="3">IT\ICCU\CNCT\004828</subfield>
    <subfield code="z">Garaldi, Bernardino</subfield>
  </datafield>
  <datafield tag="791" ind1="0" ind2="0">
    <subfield code="a">Garaldus, Bernardinus</subfield>
    <subfield code="3">IT\ICCU\CNCT\004830</subfield>
    <subfield code="z">Garaldi, Bernardino</subfield>
  </datafield>
  <datafield tag="801" ind1=" " ind2="3">
    <subfield code="a">IT</subfield>
    <subfield code="b">ICCU</subfield>
    <subfield code="c">20201114</subfield>
  </datafield>
  <datafield tag="899" ind1=" " ind2=" ">
    <subfield code="a">Biblioteca diocesana. Ivrea</subfield>
    <subfield code="1">TO0111</subfield>
    <subfield code="2">TO0 92</subfield>
  </datafield>
</record>
</collection>
